@article {Lin2008,
    author = {Lin, Aleck and Gregor, Shirley and Ewing, Michael},
    title = {Developing a scale to measure the enjoyment of Web experiences},
    journal = {Journal of Interactive Marketing},
    volume = {22},
    number = {4},
    year = {2008},
    pages = {40--57}
}

@article{Davis1989,
     author = {Davis, Fred D.},
     title = {Perceived Usefulness, Perceived Ease of Use, and User Acceptance of Information Technology},
     journal = {MIS Q.},
     volume = {13},
     number = {3},
     year = {1989},
     pages = {319--340}
}

@article{hokayem2006bilateral,
  title={Bilateral teleoperation: An historical survey},
  author={Hokayem, Peter F and Spong, Mark W},
  journal={Automatica},
  volume={42},
  number={12},
  pages={2035--2057},
  year={2006},
  publisher={Elsevier}
}

@article{labonte2010comparative,
  title={Comparative analysis of 3-D robot teleoperation interfaces with novice users},
  author={Labonte, Daniel and Boissy, Patrick and Michaud, Fran{\c{c}}ois},
  journal={Systems, Man, and Cybernetics, Part B: Cybernetics, IEEE Transactions on},
  volume={40},
  number={5},
  pages={1331--1342},
  year={2010},
  publisher={IEEE}
}

@inproceedings{park2003robust,
  title={Robust and adaptive teleoperation for compliant motion tasks},
  author={Park, Jaeheung and Cortesao, Rui and Khatib, Oussama},
  booktitle={Proc. of the Int. Conf. on Advanced Robotics},
  pages={513--519},
  year={2003}
}

@article{dragan2013teleoperation,
  title={Teleoperation with intelligent and customizable interfaces},
  author={Dragan, Anca D and Srinivasa, Siddhartha Siddhartha and Lee, Kenton CT},
  journal={Journal of Human-Robot Interaction},
  volume={2},
  number={2},
  pages={33--57},
  year={2013}
}

@inproceedings{yang2013online,
  title={Online retargeting for multi-lateral teleoperation},
  author={Yang, Gi-Hun and Won, Jongha and Ryu, Seokwoo},
  booktitle={Ubiquitous Robots and Ambient Intelligence (URAI), 2013 10th International Conference on},
  pages={238--240},
  year={2013},
  organization={IEEE}
}

@misc{Kinect,
  author = {{Microsoft Corporation}},
  title = {{Kinect --- Windows App Development}},
  howpublished = {{\small \url{https://dev.windows.com/en-us/kinect}}},
  note = {Accessed: 2015-12-14}
}

@misc{ROS,
  author = {{Open Source Robotics Foundation}},
  title = {{ROS.org | Powering the World's Robots}},
  howpublished = {{\small \url{http://www.ros.org}}},
  note = {Accessed: 2015-12-14}
}